%Metrics1
@inproceedings{Metrics1,
 author = {Massa, Paolo and Avesani, Paolo},
 title = {Trust-aware Recommender Systems},
 booktitle = {Proceedings of the 2007 ACM Conference on Recommender Systems},
 series = {RecSys '07},
 year = {2007},
 isbn = {978-1-59593-730--8},
 location = {Minneapolis, MN, USA},
 pages = {17--24},
 numpages = {8},
 url = {http://doi.acm.org/10.1145/1297231.1297235},
 doi = {10.1145/1297231.1297235},
 acmid = {1297235},
 publisher = {ACM},
 address = {New York, NY, USA},
} 
%Metrics2
@article{Metrics2,
 author = {Herlocker, Jonathan L. and Konstan, Joseph A. and Terveen, Loren G. and Riedl, John T.},
 title = {Evaluating Collaborative Filtering Recommender Systems},
 journal = {ACM Trans. Inf. Syst.},
 issue_date = {January 2004},
 volume = {22},
 number = {1},
 month = jan,
 year = {2004},
 issn = {1046-8188},
 pages = {5--53},
 numpages = {49},
 url = {http://doi.acm.org/10.1145/963770.963772},
 doi = {10.1145/963770.963772},
 acmid = {963772},
 publisher = {ACM},
 address = {New York, NY, USA},
} 

%Metrics3
@INPROCEEDINGS{Metrics3,
author={A. S. {Owadally} and E. {Montiel} and S. R. {Saunders}},
booktitle={IEEE 54th Vehicular Technology Conference. VTC Fall 2001. Proceedings (Cat. No.01CH37211)},
title={A comparison of the accuracy of propagation models using hit rate analysis},
year={2001},
volume={4},
pages={1979-1983 vol.4},
doi={10.1109/VTC.2001.957090},
ISSN={1090-3038},
month={Oct},
}

%Metrics4
@article{Metrics4,
 author = {Deshpande, Mukund and Karypis, George},
 title = {Item-based top-N Recommendation Algorithms},
 journal = {ACM Trans. Inf. Syst.},
 issue_date = {January 2004},
 volume = {22},
 number = {1},
 month = jan,
 year = {2004},
 issn = {1046-8188},
 pages = {143--177},
 numpages = {35},
 url = {http://doi.acm.org/10.1145/963770.963776},
 doi = {10.1145/963770.963776},
 acmid = {963776},
 publisher = {ACM},
 address = {New York, NY, USA},
} 

%Metrics5
@incollection{Metrics5,
  title={Evaluating recommendation systems},
  author={Shani, Guy and Gunawardana, Asela},
  booktitle={Recommender systems handbook},
  pages={257--297},
  year={2011},
  publisher={Springer}
}

@incollection{AddRef,
  title={Need Reference},
  author={Safia, Kanwal},
  booktitle={Recommender systems handbook},
  pages={257--297},
  year={2011},
  publisher={Springer}
}
@Inbook{online-evaluation,
author="Gunawardana, Asela
and Shani, Guy",
editor="Ricci, Francesco
and Rokach, Lior
and Shapira, Bracha",
title="Evaluating Recommender Systems",
bookTitle="Recommender Systems Handbook",
year="2015",
publisher="Springer US",
address="Boston, MA",
pages="265--308",
isbn="978-1-4899-7637-6",
doi="10.1007/978-1-4899-7637-6_8",
}
%3
@ARTICLE{amazon, 
author={B. {Smith} and G. {Linden}}, 
journal={IEEE Internet Computing}, 
title={Two Decades of Recommender Systems at Amazon.com}, 
year={2017}, 
volume={21}, 
number={3}, 
pages={12-18}, 
doi={10.1109/MIC.2017.72}, 
ISSN={1089-7801}, 
month={May},}
%N35
@inproceedings{N35,
  title={Neural Content-Collaborative Filtering for News Recommendation},
  author={Dhruv Khattar and Vaibhav Kumar and Manish Gupta and Vasudeva Varma},
  booktitle={NewsIR@ECIR},
  year={2018}
}
%N36
@Article{N36,
author="Zhang, Lemei
and Liu, Peng
and Gulla, Jon Atle",
title="Dynamic attention-integrated neural network for session-based news recommendation",
journal="Machine Learning",
year="2019",
month="Oct",
day="01",
volume="108",
number="10",
pages="1851--1875",
doi="10.1007/s10994-018-05777-9",
url="https://doi.org/10.1007/s10994-018-05777-9"
}
%N37
@ARTICLE{N37,
author={J. {Zhang} and C. {Chow}},
journal={IEEE Access},
title={SEMA: Deeply Learning Semantic Meanings and Temporal Dynamics for Recommendations},
year={2018},
volume={6},
pages={54106-54116},
doi={10.1109/ACCESS.2018.2871970}}
%N40
@article{N40,
title = "Financial news recommendation based on graph embeddings",
journal = "Decision Support Systems",
volume = "125",
pages = "113115",
year = "2019",
issn = "0167-9236",
doi = "https://doi.org/10.1016/j.dss.2019.113115",
url = "http://www.sciencedirect.com/science/article/pii/S0167923619301447",
author = "Jiangtao Ren and Jiawei Long and Zhikang Xu"
}
%N44
@InProceedings{N44,
author="Musto, Cataldo
and Semeraro, Giovanni
and de Gemmis, Marco
and Lops, Pasquale",
editor="Ferro, Nicola
and Crestani, Fabio
and Moens, Marie-Francine
and Mothe, Josiane
and Silvestri, Fabrizio
and Di Nunzio, Giorgio Maria
and Hauff, Claudia
and Silvello, Gianmaria",
title="Learning Word Embeddings from Wikipedia for Content-Based Recommender Systems",
booktitle="Advances in Information Retrieval",
year="2016",
publisher="Springer International Publishing",
address="Cham",
pages="729--734"
}

%N46
@inproceedings{N46,
  
  author = {Musto, Cataldo and Semeraro, Giovanni and de Gemmis, Marco and Lops, Pasquale},
  biburl = {https://www.bibsonomy.org/bibtex/2ea3eb42c1a0f63bd329093e01ae026e3/nosebrain},
  booktitle = {RecSys Posters},
  crossref = {conf/recsys/2015p},
  editor = {Castells, Pablo},
  ee = {http://ceur-ws.org/Vol-1441/recsys2015_poster23.pdf},
  interhash = {c1fcdef95c03f169dd9432cf4f1090f4},
  intrahash = {ea3eb42c1a0f63bd329093e01ae026e3},

  publisher = {CEUR-WS.org},
  series = {CEUR Workshop Proceedings},
  timestamp = {2017-04-07T17:47:50.000+0200},
  title = {Word Embedding Techniques for Content-based Recommender Systems: An Empirical Evaluation.},
  url = {http://dblp.uni-trier.de/db/conf/recsys/posters2015.html#MustoSGL15},
  volume = 1441,
  year = 2015
}

%N47
@inproceedings{N47,
 author = {Piao, Guangyuan and Breslin, John G.},
 title = {Measuring Semantic Distance for Linked Open Data-enabled Recommender Systems},
 booktitle = {Proceedings of the 31st Annual ACM Symposium on Applied Computing},
 series = {SAC '16},
 year = {2016},
 isbn = {978-1-4503-3739-7},
 location = {Pisa, Italy},
 pages = {315--320},
 numpages = {6},
 url = {http://doi.acm.org/10.1145/2851613.2851839},
 doi = {10.1145/2851613.2851839},
 acmid = {2851839},
 publisher = {ACM},
 address = {New York, NY, USA},

} 
%N48
@inproceedings{N48,
  title={Using Content-Based Filtering for Recommendation},
  author={Robin van Meteren},
  year={2000}
}
@inproceedings{Lieberman95letizia,
    author = {Henry Lieberman},
    title = {Letizia: An Agent That Assists Web Browsing},
    booktitle = {INTERNATIONAL JOINT CONFERENCE ON ARTIFICIAL INTELLIGENCE},
    year = {1995},
    pages = {924--929},
}
@ARTICLE{784084, 
author={D. {Mladenic}}, 
journal={IEEE Intelligent Systems and their Applications}, 
title={Text-learning and related intelligent agents: a survey}, 
year={1999}, 
volume={14}, 
number={4}, 
pages={44-54}, 
doi={10.1109/5254.784084}, 
month={July},}
%49
@inproceedings{49Ahn,
 author = {Ahn, Jae-wook and Brusilovsky, Peter and Grady, Jonathan and He, Daqing and Syn, Sue Yeon},
 title = {Open User Profiles for Adaptive News Systems: Help or Harm?},
 booktitle = {Proceedings of the 16th International Conference on World Wide Web},
 series = {WWW '07},
 year = {2007},
 isbn = {978-1-59593-654-7},
 location = {Banff, Alberta, Canada},
 pages = {11--20},
 numpages = {10},
 url = {http://doi.acm.org/10.1145/1242572.1242575},
 doi = {10.1145/1242572.1242575},
 acmid = {1242575},
 publisher = {ACM},
 address = {New York, NY, USA},
} 
%50
@inproceedings{N50,
 author = {Cantador, Iv\'{a}n and Bellog\'{\i}n, Alejandro and Vallet, David},
 title = {Content-based Recommendation in Social Tagging Systems},
 booktitle = {Proceedings of the Fourth ACM Conference on Recommender Systems},
 series = {RecSys '10},
 year = {2010},
 isbn = {978-1-60558-906-0},
 location = {Barcelona, Spain},
 pages = {237--240},
 numpages = {4},
 url = {http://doi.acm.org/10.1145/1864708.1864756},
 doi = {10.1145/1864708.1864756},
 acmid = {1864756},
 publisher = {ACM},
 address = {New York, NY, USA},
} 
%51
@inproceedings{N51,
 author = {Baral, Ramesh and Li, Tao},
 title = {MAPS: A Multi Aspect Personalized POI Recommender System},
 booktitle = {Proceedings of the 10th ACM Conference on Recommender Systems},
 series = {RecSys '16},
 year = {2016},
 isbn = {978-1-4503-4035-9},
 location = {Boston, Massachusetts, USA},
 pages = {281--284},
 numpages = {4},
 url = {http://doi.acm.org/10.1145/2959100.2959187},
 doi = {10.1145/2959100.2959187},
 acmid = {2959187},
 publisher = {ACM},
 address = {New York, NY, USA},
 keywords = {POI recommendation, social network analysis},
} 
%52
@inproceedings{N52,
 author = {Bollacker, Kurt D. and Lawrence, Steve and Giles, C. Lee},
 title = {CiteSeer: An Autonomous Web Agent for Automatic Retrieval and Identification of Interesting Publications},
 booktitle = {Proceedings of the Second International Conference on Autonomous Agents},
 series = {AGENTS '98},
 year = {1998},
 isbn = {0-89791-983-1},
 location = {Minneapolis, Minnesota, USA},
 pages = {116--123},
 numpages = {8},
 url = {http://doi.acm.org/10.1145/280765.280786},
 doi = {10.1145/280765.280786},
 acmid = {280786},
 publisher = {ACM},
 address = {New York, NY, USA},
} 
%55
@INPROCEEDINGS{N55, 
author={A. {Moreno} and L. {Marin} and D. {Isern} and D. {Perell√≥}}, 
booktitle={2014 IEEE/WIC/ACM International Joint Conferences on Web Intelligence (WI) and Intelligent Agent Technologies (IAT)}, 
title={Dynamic Learning of Keyword-Based Preferences for News Recommendation}, 
year={2014}, 
volume={1}, 
number={}, 
pages={347-354}, 
doi={10.1109/WI-IAT.2014.55}, 
ISSN={}, 
month={Aug},}
%56
@INPROCEEDINGS{N56, 
author={{{B}eel, {J}oeran and {L}anger, {S}tefan and {G}ipp, {B}ela}}, 
title={{TF-IDuF}: {A} {N}ovel {T}erm-{W}eighting {S}heme for {U}ser {M}odeling based on {U}sers' {P}ersonal {D}ocument
{Collections}}, 
booktitle={{P}roceedings of the i{C}onference 2017}, 
year={2017}, 
address={Wuhan, China}, 
url={http://ischools.org/the-iconference/}, 
 month=Mar # { 22-25},}
 %SF-IDF
@inproceedings{SF-IDF,
 author = {Capelle, Michel and Frasincar, Flavius and Moerland, Marnix and Hogenboom, Frederik},
 title = {Semantics-based News Recommendation},
 booktitle = {Proceedings of the 2Nd International Conference on Web Intelligence, Mining and Semantics},
 series = {WIMS '12},
 year = {2012},
 isbn = {978-1-4503-0915-8},
 location = {Craiova, Romania},
 pages = {27:1--27:9},
 articleno = {27},
 numpages = {9},
 doi = {10.1145/2254129.2254163},
 acmid = {2254163},
 publisher = {ACM},
 address = {New York, NY, USA},
} 
%CF-IDF
@inproceedings{CF-IDF,
 author = {Goossen, Frank and IJntema, Wouter and Frasincar, Flavius and Hogenboom, Frederik and Kaymak, Uzay},
 title = {News Personalization Using the CF-IDF Semantic Recommender},
 booktitle = {Proceedings of the International Conference on Web Intelligence, Mining and Semantics},
 series = {WIMS '11},
 year = {2011},
 isbn = {978-1-4503-0148-0},
 location = {Sogndal, Norway},
 pages = {10:1--10:12},
 articleno = {10},
 numpages = {12},
 url = {http://doi.acm.org/10.1145/1988688.1988701},
 doi = {10.1145/1988688.1988701},
 acmid = {1988701},
 publisher = {ACM},
 address = {New York, NY, USA},
} 
%CF-IDF+
@inproceedings{CF-IDF+,
 author = {De Koning E., Hogenboom F., Frasincar F.},
 title = {News Recommendation with CF-IDF+},
 booktitle = {In: Krogstie J., Reijers H. (eds) Advanced Information Systems Engineering},
 year = {2018},
 doi = {10.1007/978-3-319-91563-0_11},

} 
%SF-IDF+
@inproceedings{SF-IDF+,
 author = {Moerland, Marnix and Hogenboom, Frederik and Capelle, Michel and Frasincar, Flavius},
 title = {Semantics-based News Recommendation with SF-IDF+},
 booktitle = {Proceedings of the 3rd International Conference on Web Intelligence, Mining and Semantics},
 series = {WIMS '13},
 year = {2013},
 isbn = {978-1-4503-1850-1},
 location = {Madrid, Spain},
 pages = {22:1--22:8},
 articleno = {22},
 numpages = {8},
 doi = {10.1145/2479787.2479795},
 publisher = {ACM},
 address = {New York, NY, USA},
} 
%bing SF-IDF+
@inproceedings{bingSF-IDF+,
 author = {Capelle, Michel and Moerland, Marnix and Hogenboom, Frederik and Frasincar, Flavius and Vandic, Damir},
 title = {Bing-SF-IDF+: A Hybrid Semantics-driven News Recommender},
 booktitle = {Proceedings of the 30th Annual ACM Symposium on Applied Computing},
 series = {SAC '15},
 year = {2015},
 isbn = {978-1-4503-3196-8},
 location = {Salamanca, Spain},
 pages = {732--739},
 numpages = {8},
 doi = {10.1145/2695664.2695700},
 publisher = {ACM},
 address = {New York, NY, USA},
} 
%Bing-CF-IDF+
@InProceedings{Bing-CF-IDF+,
author="Brocken, Emma
and Hartveld, Aron
and de Koning, Emma
and van Noort, Thomas
and Hogenboom, Frederik
and Frasincar, Flavius
and Robal, Tarmo",
editor="Giorgini, Paolo
and Weber, Barbara",
title="Bing-CF-IDF+: A Semantics-Driven News Recommender System",
booktitle="Advanced Information Systems Engineering",
year="2019",
publisher="Springer International Publishing",
address="Cham",
pages="32--47",
}
%Athena
@inproceedings{Athena,
 author = {IJntema, Wouter and Goossen, Frank and Frasincar, Flavius and Hogenboom, Frederik},
 title = {Ontology-based News Recommendation},
 booktitle = {Proceedings of the 2010 EDBT/ICDT Workshops},
 series = {EDBT '10},
 year = {2010},
 isbn = {978-1-60558-990-9},
 location = {Lausanne, Switzerland},
 pages = {16:1--16:6},
 articleno = {16},
 numpages = {6},
 doi = {10.1145/1754239.1754257},
 acmid = {1754257},
 publisher = {ACM},
 address = {New York, NY, USA},
} 
%N57
@inproceedings{N57,
 author = {Obeid, Charbel and Lahoud, Inaya and El Khoury, Hicham and Champin, Pierre-Antoine},
 title = {Ontology-based Recommender System in Higher Education},
 booktitle = {Companion Proceedings of the The Web Conference 2018},
 series = {WWW '18},
 year = {2018},
 isbn = {978-1-4503-5640-4},
 location = {Lyon, France},
 pages = {1031--1034},
 numpages = {4},
 url = {https://doi.org/10.1145/3184558.3191533},
 doi = {10.1145/3184558.3191533},
 acmid = {3191533},
 publisher = {International World Wide Web Conferences Steering Committee},
 address = {Republic and Canton of Geneva, Switzerland},
}
%N1
@article{N1,
  author    = {Chandra Bhagavatula and
               Sergey Feldman and
               Russell Power and
               Waleed Ammar},
  title     = {Content-Based Citation Recommendation},
  journal   = {CoRR},
  volume    = {abs/1802.08301},
  year      = {2018},
  archivePrefix = {arXiv},
  eprint    = {1802.08301},

}
%N2
@ARTICLE{N2,
author={X. {Kong} and M. {Mao} and W. {Wang} and J. {Liu} and B. {Xu}},
journal={IEEE Transactions on Emerging Topics in Computing},
title={VOPRec: Vector Representation Learning of Papers with Text Information and Structural Identity for Recommendation},
year={2018},
doi={10.1109/TETC.2018.2830698},
}
%N3
@ARTICLE{N3,
author={Hongwei {Wang} and Fuzheng {Zhang} and Xing {Xie} and Minyi {Guo}},
journal={The 27th International Conference on World Wide Web (WWW'18)},
title={DKN: Deep Knowledge-Aware Network for News Recommendation},
year={2018},
doi={arXiv:1801.08284},
}
%N4
@article{N4,
 author = {Shu, Jiangbo and Shen, Xiaoxuan and Liu, Hai and Yi, Baolin and Zhang, Zhaoli},
 title = {A Content-based Recommendation Algorithm for Learning Resources},
 journal = {Multimedia Syst.},
 issue_date = {March     2018},
 volume = {24},
 number = {2},
 month = mar,
 year = {2018},
 issn = {0942-4962},
 pages = {163--173},
 numpages = {11},
 url = {https://doi.org/10.1007/s00530-017-0539-8},
 doi = {10.1007/s00530-017-0539-8},
 publisher = {Springer-Verlag New York, Inc.},
 address = {Secaucus, NJ, USA},
 
} 
%N5
@article{N5,
title = "A content-based recommender system for computer science publications",
journal = "Knowledge-Based Systems",
volume = "157",
pages = "1 - 9",
year = "2018",
issn = "0950-7051",
doi = "https://doi.org/10.1016/j.knosys.2018.05.001",
author = "Donghui Wang and Yanchun Liang and Dong Xu and Xiaoyue Feng and Renchu Guan",

}
%N9
@InProceedings{N9,
author="Garc{\'i}a-S{\'a}nchez, Francisco
and Garc{\'i}a-D{\'i}az, Jos{\'e} Antonio
and G{\'o}mez-Berb{\'i}s, Juan Miguel
and Valencia-Garc{\'i}a, Rafael",
editor="De La Prieta, Fernando
and Omatu, Sigeru
and Fern{\'a}ndez-Caballero, Antonio",
title="Ontology-Based Advertisement Recommendation in Social Networks",
booktitle="Distributed Computing and Artificial Intelligence, 15th International Conference",
year="2019",
publisher="Springer International Publishing",
address="Cham",
pages="36--44",

}
%N10
@Booklet{N10,
  author = {Christos Samarinas and Stefanos Zafeiriou},
  title = {Personalized high quality news recommendations using word embeddings and text classification models},
  howpublished = {EasyChair Preprint no. 1254},
  year = {EasyChair, 2019}}

%N11
@inproceedings{N11,
    title = "Neural News Recommendation with Topic-Aware News Representation",
    author = "Wu, Chuhan  and
      Wu, Fangzhao  and
      An, Mingxiao  and
      Huang, Yongfeng  and
      Xie, Xing",
    booktitle = "Proceedings of the 57th Annual Meeting of the Association for Computational Linguistics",
    month = jul,
    year = "2019",
    address = "Florence, Italy",
    publisher = "Association for Computational Linguistics",
    doi = "10.18653/v1/P19-1110",
    pages = "1154--1159",
}
%N12
@INPROCEEDINGS{N12,
author={R. {Nath Nandi} and M. M. {Arefin Zaman} and T. {Al Muntasir} and S. {Hosain Sumit} and T. {Sourov} and M. {Jamil-Ur Rahman}},
booktitle={2018 International Conference on Bangla Speech and Language Processing (ICBSLP)},
title={Bangla News Recommendation Using doc2vec},
year={2018},
pages={1-5},
doi={10.1109/ICBSLP.2018.8554679},
month={Sep.},}
%N12-2
@INPROCEEDINGS {N12-2,
author = {M. Adnan and M. Chowdury and I. Taz and T. Ahmed and R. M. Rahman},
booktitle = {2014 International Conference on Informatics, Electronics & Vision (ICIEV)},
title = {Content based news recommendation system based on fuzzy logic},
year = {2014},
pages = {1-6},

doi = {10.1109/ICIEV.2014.6850800},

publisher = {IEEE Computer Society},
address = {Los Alamitos, CA, USA},
month = {may}
%AIDA
@inproceedings{AIDA,
 author = {Hoffart, Johannes and Yosef, Mohamed Amir and Bordino, Ilaria and F\"{u}rstenau, Hagen and Pinkal, Manfred and Spaniol, Marc and Taneva, Bilyana and Thater, Stefan and Weikum, Gerhard},
 title = {Robust Disambiguation of Named Entities in Text},
 booktitle = {Proceedings of the Conference on Empirical Methods in Natural Language Processing},
 series = {EMNLP '11},
 year = {2011},
 isbn = {978-1-937284-11-4},
 location = {Edinburgh, United Kingdom},
 pages = {782--792},
 numpages = {11},
 publisher = {Association for Computational Linguistics},
 address = {Stroudsburg, PA, USA},
} 
%N13
@misc{N13,
    title={Content Recommendation through Semantic Annotation of User Reviews and Linked Data - An Extended Technical Report},
    author={Iacopo Vagliano and Diego Monti and Ansgar Scherp and Maurizio Morisio},
    year={2017},
    eprint={1709.09973},
    archivePrefix={arXiv},
    primaryClass={cs.IR}
}

%N14
@inproceedings{N14,
 author = {Zhang, Fuzheng and Yuan, Nicholas Jing and Lian, Defu and Xie, Xing and Ma, Wei-Ying},
 title = {Collaborative Knowledge Base Embedding for Recommender Systems},
 booktitle = {Proceedings of the 22Nd ACM SIGKDD International Conference on Knowledge Discovery and Data Mining},
 series = {KDD '16},
 year = {2016},
 isbn = {978-1-4503-4232-2},
 location = {San Francisco, California, USA},
 pages = {353--362},
 numpages = {10},
 url = {http://doi.acm.org/10.1145/2939672.2939673},
 doi = {10.1145/2939672.2939673},
 acmid = {2939673},
 publisher = {ACM},
 address = {New York, NY, USA},
} 
%N14-2
@article{N14-2,
 author = {Vincent, Pascal and Larochelle, Hugo and Lajoie, Isabelle and Bengio, Yoshua and Manzagol, Pierre-Antoine},
 title = {Stacked Denoising Autoencoders: Learning Useful Representations in a Deep Network with a Local Denoising Criterion},
 journal = {J. Mach. Learn. Res.},
 issue_date = {3/1/2010},
 volume = {11},
 month = dec,
 year = {2010},
 issn = {1532-4435},
 pages = {3371--3408},
 numpages = {38},
 url = {http://dl.acm.org/citation.cfm?id=1756006.1953039},
 publisher = {JMLR.org},
} 
%N15
@inproceedings{N15,
  title={Entity Recommendations Using Hierarchical Knowledge Bases},
  author={Siva Kumar Cheekula and Pavan Kapanipathi and Derek Doran and Prateek Jain and Amit P. Sheth},
  booktitle={KNOW@LOD},
  year={2015}
}
%N16
@Article{N16,
AUTHOR = {Cao, Zhiying and Qiao, Xinghao and Jiang, Shuo and Zhang, Xiuguo},
TITLE = {An Efficient Knowledge-Graph-Based Web Service Recommendation Algorithm},
JOURNAL = {Symmetry},
VOLUME = {11},
YEAR = {2019},
NUMBER = {3},
DOI = {10.3390/sym11030392}
}
%N17
@inproceedings{N17,
 author = {Sun, Zhu and Yang, Jie and Zhang, Jie and Bozzon, Alessandro and Huang, Long-Kai and Xu, Chi},
 title = {Recurrent Knowledge Graph Embedding for Effective Recommendation},
 booktitle = {Proceedings of the 12th ACM Conference on Recommender Systems},
 series = {RecSys '18},
 year = {2018},
 isbn = {978-1-4503-5901-6},
 location = {Vancouver, British Columbia, Canada},
 pages = {297--305},
 numpages = {9},
 doi = {10.1145/3240323.3240361},
 publisher = {ACM},
 address = {New York, NY, USA},
} 
%N18
@inproceedings{N18,
  title     = {Improving Entity Recommendation with Search Log and Multi-Task Learning},
  author    = {Jizhou Huang and Wei Zhang and Yaming Sun and Haifeng Wang and Ting Liu},
  booktitle = {Proceedings of the Twenty-Seventh International Joint Conference on
               Artificial Intelligence, {IJCAI-18}},
  publisher = {International Joint Conferences on Artificial Intelligence Organization},             
  pages     = {4107--4114},
  year      = {2018},
  month     = {7},
  doi       = {10.24963/ijcai.2018/571},
}
%N19
@inproceedings{N19,
 author = {Fern\'{a}ndez-Tob\'{\i}as, Ignacio and Blanco, Roi},
 title = {Memory-based Recommendations of Entities for Web Search Users},
 booktitle = {Proceedings of the 25th ACM International on Conference on Information and Knowledge Management},
 series = {CIKM '16},
 year = {2016},
 isbn = {978-1-4503-4073-1},
 location = {Indianapolis, Indiana, USA},
 pages = {35--44},
 numpages = {10},
 url = {http://doi.acm.org/10.1145/2983323.2983823},
 doi = {10.1145/2983323.2983823},
 acmid = {2983823},
 publisher = {ACM},
 address = {New York, NY, USA}
} 
%N20
@inproceedings{N20,
 author = {Setty, Vinay and Hose, Katja},
 title = {Event2Vec: Neural Embeddings for News Events},
 booktitle = {The 41st International ACM SIGIR Conference on Research \&\#38; Development in Information Retrieval},
 series = {SIGIR '18},
 year = {2018},
 isbn = {978-1-4503-5657-2},
 location = {Ann Arbor, MI, USA},
 pages = {1013--1016},
 numpages = {4},
 url = {http://doi.acm.org/10.1145/3209978.3210136},
 doi = {10.1145/3209978.3210136},
 acmid = {3210136},
 publisher = {ACM},
 address = {New York, NY, USA}
} 

%N21
@InProceedings{N21,
author="Zhu, Ming
and Zhen, De-sheng
and Tao, Ran
and Shi, You-qun
and Feng, Xiang-yang
and Wang, Qian",
editor="Uden, Lorna
and Ting, I-Hsien
and Corchado, Juan Manuel",
title="Top-N Collaborative Filtering Recommendation Algorithm Based on Knowledge Graph Embedding",
booktitle="Knowledge Management in Organizations",
year="2019",
publisher="Springer International Publishing",
address="Cham",
pages="122--134"
}
%N22
@InProceedings{N22,
author="Jain, Sonal
and Khangarot, Harshita
and Singh, Shivank",
editor="Kalita, Jugal
and Balas, Valentina Emilia
and Borah, Samarjeet
and Pradhan, Ratika",
title="Journal Recommendation System Using Content-Based Filtering",
booktitle="Recent Developments in Machine Learning and Data Analytics",
year="2019",
publisher="Springer Singapore",
address="Singapore",
pages="99--108"
}
%N23
@Article{N23,
author="Chen, Li
and Chen, Guanliang
and Wang, Feng",
title="Recommender systems based on user reviews: the state of the art",
journal="User Modeling and User-Adapted Interaction",
year="2015",
month="Jun",
day="01",
volume="25",
number="2",
pages="99--154",
issn="1573-1391",
doi="10.1007/s11257-015-9155-5",
url="https://doi.org/10.1007/s11257-015-9155-5"
}
%N24
@inproceedings{N24,
 author = {de Souza Pereira Moreira, Gabriel and Ferreira, Felipe and da Cunha, Adilson Marques},
 title = {News Session-Based Recommendations Using Deep Neural Networks},
 booktitle = {Proceedings of the 3rd Workshop on Deep Learning for Recommender Systems},
 series = {DLRS 2018},
 year = {2018},
 isbn = {978-1-4503-6617-5},
 location = {Vancouver, BC, Canada},
 pages = {15--23},
 numpages = {9},
 url = {http://doi.acm.org/10.1145/3270323.3270328},
 doi = {10.1145/3270323.3270328},
 acmid = {3270328},
 publisher = {ACM},
 address = {New York, NY, USA},

} 
%N25
@INPROCEEDINGS{N25,
author={S. N. {Ferdous} and M. M. {Ali}},
booktitle={2017 IEEE International Conference on Imaging, Vision Pattern Recognition (icIVPR)},
title={A semantic content based recommendation system for cross-lingual news},
year={2017},
pages={1-6},
doi={10.1109/ICIVPR.2017.7890880},
ISSN={null},
month={Feb},}
%N26
@article{N26,
 author = {He, Yue and Tan, Jinxiu},
 title = {Study on SINA Micro-blog Personalized Recommendation Based on Semantic Network},
 journal = {Expert Syst. Appl.},
 issue_date = {June 2015},
 volume = {42},
 number = {10},
 month = jun,
 year = {2015},
 issn = {0957-4174},
 pages = {4797--4804},
 numpages = {8},
 url = {http://dx.doi.org/10.1016/j.eswa.2015.01.045},
 doi = {10.1016/j.eswa.2015.01.045},
 acmid = {2902548},
 publisher = {Pergamon Press, Inc.},
 address = {Tarrytown, NY, USA},

} 
%N27
@inproceedings{N27,
 author = {Bauman, Konstantin and Liu, Bing and Tuzhilin, Alexander},
 title = {Aspect Based Recommendations: Recommending Items with the Most Valuable Aspects Based on User Reviews},
 booktitle = {Proceedings of the 23rd ACM SIGKDD International Conference on Knowledge Discovery and Data Mining},
 series = {KDD '17},
 year = {2017},
 isbn = {978-1-4503-4887-4},
 location = {Halifax, NS, Canada},
 pages = {717--725},
 numpages = {9},

 doi = {10.1145/3097983.3098170},
 acmid = {3098170},
 publisher = {ACM},
 address = {New York, NY, USA},

} 
%N28
@article{N28,
 author = {Narducci, Fedelucio and Basile, Pierpaolo and Musto, Cataldo and Lops, Pasquale and Caputo, Annalina and de Gemmis, Marco and Iaquinta, Leo and Semeraro, Giovanni},
 title = {Concept-based Item Representations for a Cross-lingual Content-based Recommendation Process},
 journal = {Inf. Sci.},
 issue_date = {December 2016},
 volume = {374},
 number = {C},
 month = dec,
 year = {2016},
 issn = {0020-0255},
 pages = {15--31},
 numpages = {17},
 url = {https://doi.org/10.1016/j.ins.2016.09.022},
 doi = {10.1016/j.ins.2016.09.022},
 acmid = {3050507},
 publisher = {Elsevier Science Inc.},
 address = {New York, NY, USA},

} 
%N31
@inproceedings{N31,
 author = {Musto, Cataldo and Franza, Tiziano and Semeraro, Giovanni and de Gemmis, Marco and Lops, Pasquale},
 title = {Deep Content-based Recommender Systems Exploiting Recurrent Neural Networks and Linked Open Data},
 booktitle = {Adjunct Publication of the 26th Conference on User Modeling, Adaptation and Personalization},
 series = {UMAP '18},
 year = {2018},
 isbn = {978-1-4503-5784-5},
 location = {Singapore, Singapore},
 pages = {239--244},
 numpages = {6},
 doi = {10.1145/3213586.3225230},
 acmid = {3225230},
 publisher = {ACM},
 address = {New York, NY, USA},

} 

%33
@article{N33,
  author    = {Chuhan Wu and
               Fangzhao Wu and
               Mingxiao An and
               Jianqiang Huang and
               Yongfeng Huang and
               Xing Xie},
  title     = {{NPA:} Neural News Recommendation with Personalized Attention},
  journal   = {CoRR},
  volume    = {abs/1907.05559},
  year      = {2019},
  archivePrefix = {arXiv},
  eprint    = {1907.05559},

}
%N59
@ARTICLE{N59,
author={B. {Bai} and Y. {Fan} and W. {Tan} and J. {Zhang}},
journal={IEEE Transactions on Services Computing},
title={DLTSR: A Deep Learning Framework for Recommendation of Long-tail Web Services},
year={2017},


doi={10.1109/TSC.2017.2681666},
ISSN={2372-0204},
}
%N61
@InProceedings{N61,
author="Abel, Fabian
and Gao, Qi
and Houben, Geert-Jan
and Tao, Ke",
editor="Konstan, Joseph A.
and Conejo, Ricardo
and Marzo, Jos{\'e} L.
and Oliver, Nuria",
title="Analyzing User Modeling on Twitter for Personalized News Recommendations",
booktitle="User Modeling, Adaption and Personalization",
year="2011",
publisher="Springer Berlin Heidelberg",
address="Berlin, Heidelberg",
pages="1--12",}
%bookcrossing
@inproceedings{bookcrossing,
 author = {Ziegler, Cai-Nicolas and McNee, Sean M. and Konstan, Joseph A. and Lausen, Georg},
 title = {Improving Recommendation Lists Through Topic Diversification},
 booktitle = {Proceedings of the 14th International Conference on World Wide Web},
 series = {WWW '05},
 year = {2005},
 isbn = {1-59593-046-9},
 location = {Chiba, Japan},
 pages = {22--32},
 numpages = {11},
 doi = {10.1145/1060745.1060754},
 publisher = {ACM},
} 
%Adressa
@inproceedings{Adressa,
 author = {Gulla, Jon Atle and Zhang, Lemei and Liu, Peng and \"{O}zg\"{o}bek, \"{O}zlem and Su, Xiaomeng},
 title = {The Adressa Dataset for News Recommendation},
 booktitle = {Proceedings of the International Conference on Web Intelligence},
 series = {WI '17},
 year = {2017},
 isbn = {978-1-4503-4951-2},
 location = {Leipzig, Germany},
 pages = {1042--1048},
 numpages = {7},
 url = {http://doi.acm.org/10.1145/3106426.3109436},
 doi = {10.1145/3106426.3109436},
 acmid = {3109436},
 publisher = {ACM},
 address = {New York, NY, USA},
} 
%Adressa2
@article{Adressa2,
   title={Contextual Hybrid Session-Based News Recommendation With Recurrent Neural Networks},
   volume={7},
   ISSN={2169-3536},
   url={http://dx.doi.org/10.1109/ACCESS.2019.2954957},
   DOI={10.1109/access.2019.2954957},
   journal={IEEE Access},
   publisher={Institute of Electrical and Electronics Engineers (IEEE)},
   author={Moreira, Gabriel De Souza P. and Jannach, Dietmar and Cunha, Adilson Marques Da},
   year={2019},
   pages={169185‚Äì169203}
}
%Docear's recommender
@inproceedings{Docear's recommender,
author = {Beel, Joeran and Langer, Stefan and Gipp, Bela and N√ºrnberger, Andreas},
year = {2014},
month = {09},
title = {The Architecture and Datasets of Docear's Research Paper Recommender System},
volume = {20},
journal = {D-Lib Magazine},
doi = {10.1045/november14-beel}
}
%Plista
@inproceedings{Plista,
 author = {Kille, Benjamin and Hopfgartner, Frank and Brodt, Torben and Heintz, Tobias},
 title = {The Plista Dataset},
 booktitle = {Proceedings of the 2013 International News Recommender Systems Workshop and Challenge},
 series = {NRS '13},
 year = {2013},
 isbn = {978-1-4503-2302-4},
 location = {Kowloon, Hong Kong},
 pages = {16--23},
 numpages = {8},
 url = {http://doi.acm.org/10.1145/2516641.2516643},
 doi = {10.1145/2516641.2516643},
 acmid = {2516643},
 publisher = {ACM},
 address = {New York, NY, USA}
} 
%Yahoo
@inproceedings{Yahoo,
author = {Rosenthal, Stephanie and Veloso, Manuela and Dey, Anind},
year = {2009},
month = {01},
pages = {},
title = {Online Selection of Mediated and Domain-Specific Predictions for Improved Recommender Systems.},
volume = {528}
}
%D7
@article{D7,
 author = {Chen, Li and Chen, Guanliang and Wang, Feng},
 title = {Recommender Systems Based on User Reviews: The State of the Art},
 journal = {User Modeling and User-Adapted Interaction},
 issue_date = {June      2015},
 volume = {25},
 number = {2},
 month = jun,
 year = {2015},
 issn = {0924-1868},
 pages = {99--154},
 numpages = {56},
 url = {http://dx.doi.org/10.1007/s11257-015-9155-5},
 doi = {10.1007/s11257-015-9155-5},
 acmid = {2757642},
 publisher = {Kluwer Academic Publishers},
 address = {Hingham, MA, USA},

} 
%D-2
@article{D2,
 author = {Tarus, John K. and Niu, Zhendong and Mustafa, Ghulam},
 title = {Knowledge-based Recommendation: A Review of Ontology-based Recommender Systems for e-Learning},
 journal = {Artif. Intell. Rev.},
 issue_date = {June      2018},
 volume = {50},
 number = {1},
 month = jun,
 year = {2018},
 issn = {0269-2821},
 pages = {21--48},
 numpages = {28},
 url = {https://doi.org/10.1007/s10462-017-9539-5},
 doi = {10.1007/s10462-017-9539-5},
 acmid = {3220875},
 publisher = {Kluwer Academic Publishers},
 address = {Norwell, MA, USA},

} 
%D5
@article{D5,
 author = {Lops, Pasquale and Jannach, Dietmar and Musto, Cataldo and Bogers, Toine and Koolen, Marijn},
 title = {Trends in Content-based Recommendation},
 journal = {User Modeling and User-Adapted Interaction},
 issue_date = {April     2019},
 volume = {29},
 number = {2},
 month = apr,
 year = {2019},
 issn = {0924-1868},
 pages = {239--249},
 numpages = {11},
 url = {https://doi.org/10.1007/s11257-019-09231-w},
 doi = {10.1007/s11257-019-09231-w},
 acmid = {3337062},
 publisher = {Kluwer Academic Publishers},
 address = {Norwell, MA, USA},
} 
%DeepLearning-Srvey
@article{DeepLearning-Srvey,
 author = {Zhang, Shuai and Yao, Lina and Sun, Aixin and Tay, Yi},
 title = {Deep Learning Based Recommender System: A Survey and New Perspectives},
 journal = {ACM Comput. Surv.},
 issue_date = {February 2019},
 volume = {52},
 number = {1},
 month = feb,
 year = {2019},
 issn = {0360-0300},
 pages = {5:1--5:38},
 articleno = {5},
 numpages = {38},
 url = {http://doi.acm.org/10.1145/3285029},
 doi = {10.1145/3285029},
 acmid = {3285029},
 publisher = {ACM},
 address = {New York, NY, USA},

} 

%p2
@inproceedings{p2,
 author = {Okura, Shumpei and Tagami, Yukihiro and Ono, Shingo and Tajima, Akira},
 title = {Embedding-based News Recommendation for Millions of Users},
 booktitle = {Proceedings of the 23rd ACM SIGKDD International Conference on Knowledge Discovery and Data Mining},
 series = {KDD '17},
 year = {2017},
 isbn = {978-1-4503-4887-4},
 location = {Halifax, NS, Canada},
 pages = {1933--1942},
 numpages = {10},
 url = {http://doi.acm.org/10.1145/3097983.3098108},
 doi = {10.1145/3097983.3098108},
 acmid = {3098108},
 publisher = {ACM},
 address = {New York, NY, USA},

} 
%p3
@Article{p3,
author="Batmaz, Zeynep
and Yurekli, Ali
and Bilge, Alper
and Kaleli, Cihan",
title="A review on deep learning for recommender systems: challenges and remedies",
journal="Artificial Intelligence Review",
year="2019",
month="Jun",
day="01",
volume="52",
number="1",
pages="1--37",
issn="1573-7462",
doi="10.1007/s10462-018-9654-y",
}

%p3-1
@inProceedings{p3-1,
  title = 	 "A non-IID Framework for Collaborative Filtering with Restricted Boltzmann Machines",
  author = 	 "Kostadin Georgiev and Preslav Nakov",
  booktitle = 	 "Proceedings of the 30th International Conference on Machine Learning",
  pages = 	 "1148--1156",
  year = 	 "2013",
  editor = 	 "Sanjoy Dasgupta and David McAllester",
  volume = 	 "28",
  number =       "3",
  series = 	 "Proceedings of Machine Learning Research",
  address = 	 "Atlanta, Georgia, USA",
  month = 	 "17--19 Jun",
  publisher = 	 "PMLR",
  pdf = 	 "http://proceedings.mlr.press/v28/georgiev13.pdf",
  url = 	 "http://proceedings.mlr.press/v28/georgiev13.html"
}

%p4
@article{p4,
title = "News recommender systems ‚Äì Survey and roads ahead",
journal = "Information Processing & Management",
volume = "54",
number = "6",
pages = "1203 - 1227",
year = "2018",
issn = "0306-4573",
doi = "https://doi.org/10.1016/j.ipm.2018.04.008",

author = "Mozhgan Karimi and Dietmar Jannach and Michael Jugovac",

}
%p5
@inproceedings{p5,
  title={A Survey on Challenges and Methods in News Recommendation},
  author={{\"O}zlem {\"O}zg{\"o}bek and Jon Atle Gulla and Riza Cenk Erdur},
  booktitle={WEBIST},
  year={2014}
}
%p6
@Article{p6,
author="Beel, Joeran
and Gipp, Bela
and Langer, Stefan
and Breitinger, Corinna",
title="Research-paper recommender systems: a literature survey",
journal="International Journal on Digital Libraries",
year="2016",
month="Nov",
day="01",
volume="17",
number="4",
pages="305--338",
doi="10.1007/s00799-015-0156-0",
url="https://doi.org/10.1007/s00799-015-0156-0"
}

%p6-1
@article{p6-1,
  title={A personalized online news recommendation system},
  author={Saranya, KG and Sadhasivam, G Sudha},
  journal={International Journal of Computer Applications},
  volume={57},
  number={18},
  year={2012},
  publisher={Citeseer}
}

%p6-2
@inproceedings{p6-2,
  title={Combining Content-based and Collaborative Filtering for Personalized Sports News Recommendations.},
  author={Lenhart, Philip and Herzog, Daniel},
  booktitle={CBRecSys@ RecSys},
  pages={3--10},
  year={2016}
}

%p6-3
@INPROCEEDINGS{p6-3,
author={M. S. {Desarkar} and N. {Shinde}},
booktitle={2014 International Conference on Data Science and Advanced Analytics (DSAA)},
title={Diversification in news recommendation for privacy concerned users},
year={2014},
volume={},
number={},
pages={135-141},
doi={10.1109/DSAA.2014.7058064},
month={Oct},}

%p6-4
@article{p6-4,
  title={News personalization using support vector machines},
  author={Gershman, Anatole and Wolfe, Travis and Fink, Eugene and Carbonell, Jaime G},
  year={2011},
  publisher={figshare}
}

%p6-5
@inproceedings{p6-5,
 author = {Bansal, Trapit and Das, Mrinal and Bhattacharyya, Chiranjib},
 title = {Content Driven User Profiling for Comment-Worthy Recommendations of News and Blog Articles},
 booktitle = {Proceedings of the 9th ACM Conference on Recommender Systems},
 series = {RecSys '15},
 year = {2015},
 isbn = {978-1-4503-3692-5},
 location = {Vienna, Austria},
 pages = {195--202},
 numpages = {8},
 url = {http://doi.acm.org/10.1145/2792838.2800186},
 doi = {10.1145/2792838.2800186},
 acmid = {2800186},
 publisher = {ACM},
 address = {New York, NY, USA},
} 

%p4-1
@inproceedings{p4-1,
author = {Kompan, Michal and Bielikova, Maria},
year = {2010},
month = {09},
pages = {61-72},
title = {Content-Based News Recommendation},
volume = {61},
doi = {10.1007/978-3-642-15208-5_6}
}

%p4-2
@inproceedings{p4-2,
 author = {Ma, Hao and Liu, Xueqing and Shen, Zhihong},
 title = {User Fatigue in Online News Recommendation},
 booktitle = {Proceedings of the 25th International Conference on World Wide Web},
 series = {WWW '16},
 year = {2016},
 isbn = {978-1-4503-4143-1},
 location = {Montr\&\#233;al, Qu\&\#233;bec, Canada},
 pages = {1363--1372},
 numpages = {10},
 url = {https://doi.org/10.1145/2872427.2874813},
 doi = {10.1145/2872427.2874813},
 acmid = {2874813},
 publisher = {International World Wide Web Conferences Steering Committee},
 address = {Republic and Canton of Geneva, Switzerland},
} 

%p4-3
@INPROCEEDINGS{p4-3,
author={Y. {Ji} and W. {Hong} and Y. {Shangguan} and H. {Wang} and J. {Ma}},
booktitle={2016 11th International Conference on Computer Science Education (ICCSE)},
title={Regularized singular value decomposition in news recommendation system},
year={2016},
pages={621-626},
doi={10.1109/ICCSE.2016.7581652},
ISSN={null},
month={Aug},
}

%p4-4
@inproceedings{p4-4,
  title={The Intricacies of Time in News Recommendation},
  author={Jon Atle Gulla and Cristina Marco and Arne Dag Fidjest{\o}l and Jon Espen Ingvaldsen and {\"O}zlem {\"O}zg{\"o}bek},
  booktitle={UMAP},
  year={2016}
}

%p4-5
@article{p4-5,
author = {Huy, Nguyen and The Chuan, Do and Anh, Nguyen},
year = {2015},
month = {01},
pages = {276-285},
title = {Implicit Feedback Mechanism to Manage User Profile Applied in Vietnamese News Recommender System},
volume = {5},
journal = {International Journal of Computer and Communication Engineering},
doi = {10.17706/IJCCE.2016.5.4.276-285}
}

%p4-6
@article{p4-6,
author = {Xiao, Yingyuan and Ai, Pengqiang and Hsu, Ching-Hsien and Wang, Hongya and Jiao, Xu},
year = {2015},
month = {12},
pages = {53-62},
title = {Time-Ordered Collaborative Filtering for News Recommendation},
volume = {12},
journal = {China Communications},
doi = {10.1109/CC.2015.7385528}
}

%p4-7
@INPROCEEDINGS{p4-7,
author={N. {Muralidhar} and H. {Rangwala} and E. S. {Han}},
booktitle={2015 IEEE 27th International Conference on Tools with Artificial Intelligence (ICTAI)},
title={Recommending Temporally Relevant News Content from Implicit Feedback Data},
year={2015},
pages={689-696},
doi={10.1109/ICTAI.2015.104},
ISSN={1082-3409},
month={Nov},
}

%p4-8
@article{p4-8,
 author = {Gu, Wanrong and Dong, Shoubin and Chen, Mingquan},
 title = {Personalized News Recommendation Based on Articles Chain Building},
 journal = {Neural Comput. Appl.},
 issue_date = {July      2016},
 volume = {27},
 number = {5},
 month = jul,
 year = {2016},
 issn = {0941-0643},
 pages = {1263--1272},
 numpages = {10},
 url = {http://dx.doi.org/10.1007/s00521-015-1932-x},
 doi = {10.1007/s00521-015-1932-x},
 acmid = {2957508},
 publisher = {Springer-Verlag},
 address = {London, UK, UK},
} 


%N60
@ARTICLE{N60,
author={C. {Chen} and X. {Meng} and Z. {Xu} and T. {Lukasiewicz}},
journal={IEEE Access},
title={Location-Aware Personalized News Recommendation With Deep Semantic Analysis},
year={2017},
volume={5},

pages={1624-1638},

doi={10.1109/ACCESS.2017.2655150},
ISSN={2169-3536},
}
%N62
@inproceedings{N62,
 author = {Song, Yang and Elkahky, Ali Mamdouh and He, Xiaodong},
 title = {Multi-Rate Deep Learning for Temporal Recommendation},
 booktitle = {Proceedings of the 39th International ACM SIGIR Conference on Research and Development in Information Retrieval},
 series = {SIGIR '16},
 year = {2016},
 isbn = {978-1-4503-4069-4},
 location = {Pisa, Italy},
 pages = {909--912},
 numpages = {4},
 url = {http://doi.acm.org/10.1145/2911451.2914726},
 doi = {10.1145/2911451.2914726},
 acmid = {2914726},
 publisher = {ACM},
 address = {New York, NY, USA},

} 
%n64
@inproceedings{N64,
 author = {Elkahky, Ali Mamdouh and Song, Yang and He, Xiaodong},
 title = {A Multi-View Deep Learning Approach for Cross Domain User Modeling in Recommendation Systems},
 booktitle = {Proceedings of the 24th International Conference on World Wide Web},
 series = {WWW '15},
 year = {2015},
 isbn = {978-1-4503-3469-3},
 location = {Florence, Italy},
 pages = {278--288},
 numpages = {11},
 url = {https://doi.org/10.1145/2736277.2741667},
 doi = {10.1145/2736277.2741667},
 acmid = {2741667},
 publisher = {International World Wide Web Conferences Steering Committee},
 address = {Republic and Canton of Geneva, Switzerland},
}
%N63
@inproceedings{N63,
 author = {Huang, Po-Sen and He, Xiaodong and Gao, Jianfeng and Deng, Li and Acero, Alex and Heck, Larry},
 title = {Learning Deep Structured Semantic Models for Web Search Using Clickthrough Data},
 booktitle = {Proceedings of the 22Nd ACM International Conference on Information \& Knowledge Management},
 series = {CIKM '13},
 year = {2013},
 isbn = {978-1-4503-2263-8},
 location = {San Francisco, California, USA},
 pages = {2333--2338},
 numpages = {6},
 url = {http://doi.acm.org/10.1145/2505515.2505665},
 doi = {10.1145/2505515.2505665},
 acmid = {2505665},
 publisher = {ACM},
 address = {New York, NY, USA},

} 
%N65
@inproceedings{N65,
 author = {Tang, Jie and Wu, Sen and Sun, Jimeng and Su, Hang},
 title = {Cross-domain Collaboration Recommendation},
 booktitle = {Proceedings of the 18th ACM SIGKDD International Conference on Knowledge Discovery and Data Mining},
 series = {KDD '12},
 year = {2012},
 location = {Beijing, China},
 pages = {1285--1293},
 numpages = {9},
 doi = {10.1145/2339530.2339730},
 publisher = {ACM},
 address = {New York, NY, USA},
} 
%N66
@inproceedings{N66,
 author = {Wang, Xuejian and Yu, Lantao and Ren, Kan and Tao, Guanyu and Zhang, Weinan and Yu, Yong and Wang, Jun},
 title = {Dynamic Attention Deep Model for Article Recommendation by Learning Human Editors' Demonstration},
 booktitle = {Proceedings of the 23rd ACM SIGKDD International Conference on Knowledge Discovery and Data Mining},
 series = {KDD '17},
 year = {2017},
 isbn = {978-1-4503-4887-4},
 location = {Halifax, NS, Canada},
 pages = {2051--2059},
 numpages = {9},

 doi = {10.1145/3097983.3098096},

 publisher = {ACM},
 address = {New York, NY, USA},

} 
%N67

@inproceedings{N67,
 author = {Zheng, Guanjie and Zhang, Fuzheng and Zheng, Zihan and Xiang, Yang and Yuan, Nicholas Jing and Xie, Xing and Li, Zhenhui},
 title = {DRN: A Deep Reinforcement Learning Framework for News Recommendation},
 booktitle = {Proceedings of the 2018 World Wide Web Conference},
 series = {WWW '18},
 year = {2018},
 isbn = {978-1-4503-5639-8},
 location = {Lyon, France},
 pages = {167--176},
 numpages = {10},

 doi = {10.1145/3178876.3185994},
 acmid = {3185994},
 publisher = {International World Wide Web Conferences Steering Committee},
 address = {Republic and Canton of Geneva, Switzerland},

} 
%N70
@InProceedings{N70,
author="Jenders, M.
and Lindhauer, T.
and Kasneci, G.
and Krestel, R.
and Naumann, F.",
editor="H{\"o}lldobler, Steffen
and Pe{\~{n}}aloza, Rafael
and Rudolph, Sebastian",
title="A Serendipity Model for News Recommendation",
booktitle="KI 2015: Advances in Artificial Intelligence",
year="2015",
publisher="Springer International Publishing",
address="Cham",
pages="111--123"}
@article{RSSurvey,
  title={A Survey on Recommendation System},
  author={Debashis, Das and Laxman, Sahoo and Sujoy , Datta},
  journal={International Journal of Computer Applications},
  volume={160},
  number={7},
  year={2017},
  publisher={IJCA}
}
%N71
@article{N71,
  author    = {Makbule Gulcin Ozsoy},
  title     = {From Word Embeddings to Item Recommendation},
  journal   = {CoRR},
  volume    = {abs/1601.01356},
  year      = {2016},
  url       = {http://arxiv.org/abs/1601.01356},
  archivePrefix = {arXiv},
  eprint    = {1601.01356},
  timestamp = {Mon, 13 Aug 2018 16:47:26 +0200},
  biburl    = {https://dblp.org/rec/bib/journals/corr/Ozsoy16},
  bibsource = {dblp computer science bibliography, https://dblp.org}
}
%N72
@article{N72,
  added-at = {2018-08-16T00:00:00.000+0200},
  author = {Wang, Yibo and Wang, Mingming and Xu, Wei},
  biburl = {https://www.bibsonomy.org/bibtex/2611191b99c0d244d467e1caf04cc1e2e/dblp},
  ee = {https://doi.org/10.1155/2018/8263704},
  interhash = {a221a4e43c60cfaa6e55280e5d70c0dd},
  intrahash = {611191b99c0d244d467e1caf04cc1e2e},
  journal = {Wireless Communications and Mobile Computing},
  keywords = {dblp},
  timestamp = {2018-08-17T11:36:31.000+0200},
  title = {A Sentiment-Enhanced Hybrid Recommender System for Movie Recommendation: A Big Data Analytics Framework.},
  url = {http://dblp.uni-trier.de/db/journals/wicomm/wicomm2018.html#WangWX18},
  volume = 2018,
  year = 2018
}
%sent2vec
@article{sent2vec,
  author    = {Matteo Pagliardini and
               Prakhar Gupta and
               Martin Jaggi},
  title     = {Unsupervised Learning of Sentence Embeddings using Compositional n-Gram
               Features},
  journal   = {CoRR},
  volume    = {abs/1703.02507},
  year      = {2017},
  url       = {http://arxiv.org/abs/1703.02507},
  archivePrefix = {arXiv},
  eprint    = {1703.02507},
  timestamp = {Mon, 13 Aug 2018 16:46:39 +0200},
  biburl    = {https://dblp.org/rec/bib/journals/corr/PagliardiniGJ17}
}
%doc2vec
@article{doc2vec,
  author    = {Quoc V. Le and
               Tomas Mikolov},
  title     = {Distributed Representations of Sentences and Documents},
  journal   = {CoRR},
  volume    = {abs/1405.4053},
  year      = {2014},
  url       = {http://arxiv.org/abs/1405.4053},
  archivePrefix = {arXiv},
 
  biburl    = {https://dblp.org/rec/bib/journals/corr/LeM14},
  bibsource = {dblp computer science bibliography, https://dblp.org}
}
%glove
@inproceedings{glove,
    title = "{G}love: Global Vectors for Word Representation",
    author = "Pennington, Jeffrey  and
      Socher, Richard  and
      Manning, Christopher",
    booktitle = "Proceedings of the 2014 Conference on Empirical Methods in Natural Language Processing ({EMNLP})",
    month = oct,
    year = "2014",
    address = "Doha, Qatar",
    publisher = "Association for Computational Linguistics",
    url = "https://www.aclweb.org/anthology/D14-1162",
    doi = "10.3115/v1/D14-1162",
    pages = "1532--1543",
}
%w2v
@article{w2v,
  author    = {Yoav Goldberg and
               Omer Levy},
  title     = {word2vec Explained: deriving Mikolov et al.'s negative-sampling word-embedding
               method},
  journal   = {CoRR},
  volume    = {abs/1402.3722},
  year      = {2014},
  url       = {http://arxiv.org/abs/1402.3722},
  archivePrefix = {arXiv},
  eprint    = {1402.3722},
 
  biburl    = {https://dblp.org/rec/bib/journals/corr/GoldbergL14}
}
%fasttext
@article{fasttext,
  author    = {Piotr Bojanowski and
               Edouard Grave and
               Armand Joulin and
               Tomas Mikolov},
  title     = {Enriching Word Vectors with Subword Information},
  journal   = {CoRR},
  volume    = {abs/1607.04606},
  year      = {2016},
  url       = {http://arxiv.org/abs/1607.04606},
  archivePrefix = {arXiv},
  eprint    = {1607.04606},

  biburl    = {https://dblp.org/rec/bib/journals/corr/BojanowskiGJM16},
  bibsource = {dblp computer science bibliography, https://dblp.org}
}
%TransE
@incollection{TransE,
title = {Translating Embeddings for Modeling Multi-relational Data},
author = {Bordes, Antoine and Usunier, Nicolas and Garcia-Duran, Alberto and Weston, Jason and Yakhnenko, Oksana},
booktitle = {Advances in Neural Information Processing Systems 26},
editor = {C. J. C. Burges and L. Bottou and M. Welling and Z. Ghahramani and K. Q. Weinberger},
pages = {2787--2795},
year = {2013},
publisher = {Curran Associates, Inc.},
url = {http://papers.nips.cc/paper/5071-translating-embeddings-for-modeling-multi-relational-data.pdf}
}
%TransH
@inproceedings{TransH,
  author = {Wang, Zhen and Zhang, Jianwen and Feng, Jianlin and Chen, Zheng},
  biburl = {https://www.bibsonomy.org/bibtex/2f804dd3cf387a3ef5aa99bffe7fd4e15/thoni},
  booktitle = {AAAI},
  interhash = {b11384e71b737e000e333b38b286152f},
  intrahash = {f804dd3cf387a3ef5aa99bffe7fd4e15},
  keywords = {knowledge graph embedding transh citedby:scholar:count:248 citedby:scholar:timestamp:2017-12-22},
  pages = {1112--1119},
  title = {Knowledge Graph Embedding by Translating on Hyperplanes.},
  year = 2014
}
%TransR

@inproceedings{TransR,
author = {Lin, Yankai and Liu, Zhiyuan and Sun, Maosong and Liu, Yang and Zhu, Xuan},
title = {Learning Entity and Relation Embeddings for Knowledge Graph Completion},
year = {2015},
isbn = {0262511290},
publisher = {AAAI Press},
booktitle = {Proceedings of the Twenty-Ninth AAAI Conference on Artificial Intelligence},
pages = {2181‚Äì2187},
numpages = {7},
location = {Austin, Texas},
series = {AAAI‚Äô15}
}
%TransD
@inproceedings{TransD,
    title = "Knowledge Graph Embedding via Dynamic Mapping Matrix",
    author = "Ji, Guoliang  and
      He, Shizhu  and
      Xu, Liheng  and
      Liu, Kang  and
      Zhao, Jun",
    booktitle = "Proceedings of the 53rd Annual Meeting of the Association for Computational Linguistics and the 7th International Joint Conference on Natural Language Processing (Volume 1: Long Papers)",
    month = jul,
    year = "2015",
    address = "Beijing, China",
    publisher = "Association for Computational Linguistics",
    url = "https://www.aclweb.org/anthology/P15-1067",
    doi = "10.3115/v1/P15-1067",
    pages = "687--696",
}
%TranSparse
@inproceedings{TranSparse,
author = {Ji, Guoliang and Liu, Kang and He, Shizhu and Zhao, Jun},
title = {Knowledge Graph Completion with Adaptive Sparse Transfer Matrix},
year = {2016},
publisher = {AAAI Press},
booktitle = {Proceedings of the Thirtieth AAAI Conference on Artificial Intelligence},
pages = {985‚Äì991},
numpages = {7},
location = {Phoenix, Arizona},
series = {AAAI‚Äô16}
}

@inproceedings{SemanticRelationForContentBased,
  title={Semantic relations for content based recommendations},
  author={Yiwen ,Wang and Natalia, Stash and Lora, Aroyo},
  booktitle={Proceedings of the fifth international conference on Knowledge capture},
  year={2009}
}
@article{handbook,
  title={Recommender Systems Handbook},
  author={Francesco, Ricci and Lior, Rokach and Bracha, Shapira },
  year={2011},
  publisher={Springer}
}